<record><leader>00000cas a22000007a 4500</leader><controlfield tag="001">47248213</controlfield><controlfield tag="007">hd afu---buuu</controlfield><controlfield tag="008">010706c20019999miudr nea     0    0eng d</controlfield><controlfield tag="009">298</controlfield><datafield ind1=" " ind2=" " tag="010"><subfield code="a">  2001233091</subfield></datafield><datafield ind1=" " ind2=" " tag="040"><subfield code="a">GUA</subfield><subfield code="b">eng</subfield><subfield code="c">GUA</subfield><subfield code="d">DLC</subfield></datafield><datafield ind1=" " ind2=" " tag="022"><subfield code="y">1054-2485</subfield></datafield><datafield ind1="1" ind2=" " tag="029"><subfield code="a">AU@</subfield><subfield code="b">000022820255</subfield></datafield><datafield ind1=" " ind2=" " tag="042"><subfield code="a">msc</subfield></datafield><datafield ind1=" " ind2=" " tag="043"><subfield code="a">n-us-ga</subfield></datafield><datafield ind1="1" ind2="4" tag="050"><subfield code="a">AN13.M13</subfield><subfield code="b">M2</subfield></datafield><datafield ind1="0" ind2=" " tag="130"><subfield code="a">Telegraph (Macon, Ga. : 2001)</subfield></datafield><datafield ind1="0" ind2="4" tag="245"><subfield code="a">The telegraph</subfield><subfield code="h">[microform].</subfield></datafield><datafield ind1="1" ind2=" " tag="246"><subfield code="i">Scattered issues in May 2001 have title:</subfield><subfield code="a">Macon telegraph</subfield></datafield><datafield ind1=" " ind2=" " tag="260"><subfield code="a">Macon, Ga. :</subfield><subfield code="b">The Middle Georgia Newspaper Group,</subfield><subfield code="c">c2001-</subfield></datafield><datafield ind1=" " ind2=" " tag="300"><subfield code="a">v. :</subfield><subfield code="b">ill.</subfield></datafield><datafield ind1=" " ind2=" " tag="310"><subfield code="a">Daily</subfield></datafield><datafield ind1="0" ind2=" " tag="362"><subfield code="a">175th year, no. 121 (May 1, 2001)-</subfield></datafield><datafield ind1=" " ind2=" " tag="500"><subfield code="a">Title from caption.</subfield></datafield><datafield ind1=" " ind2=" " tag="533"><subfield code="a">Microfilm.</subfield><subfield code="b">Ann Arbor, MI :</subfield><subfield code="c">Bell &amp; Howell,</subfield><subfield code="d">2001-</subfield><subfield code="e">microfilm reels ; 35 mm.</subfield></datafield><datafield ind1=" " ind2=" " tag="752"><subfield code="a">United States</subfield><subfield code="b">Georgia</subfield><subfield code="c">Bibb</subfield><subfield code="d">Macon.</subfield></datafield><datafield ind1="0" ind2="0" tag="780"><subfield code="t">Macon telegraph. (Macon, Ga. : 1990)</subfield></datafield><datafield ind1="2" ind2="0" tag="891"><subfield code="9">853</subfield><subfield code="8">1</subfield><subfield code="a">+year</subfield><subfield code="b">no.</subfield><subfield code="u">365</subfield><subfield code="v">r</subfield><subfield code="i">(year)</subfield><subfield code="j">(month)</subfield><subfield code="k">(day)</subfield><subfield code="w">d</subfield></datafield><datafield ind1="4" ind2="1" tag="891"><subfield code="9">863</subfield><subfield code="8">1.1</subfield><subfield code="a">175</subfield><subfield code="b">121</subfield><subfield code="i">2001</subfield><subfield code="j">05</subfield><subfield code="k">01</subfield></datafield><datafield ind1=" " ind2=" " tag="936"><subfield code="a">175th year, no. 180 (June 29, 2001) LIC</subfield></datafield></record>